<?xml version="1.0" encoding="UTF-8"?><collection xmlns="http://www.loc.gov/MARC21/slim"><record><leader>00391nam--2200133-i-4500</leader><controlfield tag="001">000030125</controlfield><controlfield tag="002">20161230</controlfield><controlfield tag="005">20161230201038</controlfield><controlfield tag="008">060222s1000------------r-----000-0-eng-d</controlfield><datafield ind1=" " ind2=" " tag="080"><subfield code="a">517.91(075.8)</subfield></datafield><datafield ind1=" " ind2=" " tag="100"><subfield code="a">Lakin, William., Sanchez, David A</subfield></datafield><datafield ind1=" " ind2=" " tag="245"><subfield code="a">Tpics in ordinary differential equations: a potpourri</subfield></datafield><datafield ind1=" " ind2=" " tag="260"><subfield code="a">Boston, Prindle, Weber &amp; Schmidt Inc. 1970. Vi + 154p</subfield></datafield><datafield ind1=" " ind2=" " tag="852"><subfield code="a">39936</subfield></datafield></record></collection>